@online{evm,
  author          = {Ethereum},
  title           = {ETHEREUM VIRTUAL MACHINE ({EVM})},
  year            = {2023},
  url             = {https://ethereum.org/en/developers/docs/evm/}
}

@online{smartcontract,
  author          = {Ethereum},
  title           = {Introduction to smart contracts},
  year            = {2023},
  url             = {https://ethereum.org/en/smart-contracts/}
}

@online{chainlink,
  author          = {Chainlink},
  title           = {Chainlink whitepaper},
  year            = {2021},
  url             = {https://chain.link/whitepaper}
}

@online{vrf,
  author          = {Chainlink},
  title           = {Chainlink VRF V2},
  year            = {2021},
  url             = {https://chain.link/vrf}
}

@online{automation,
  author          = {Chainlink},
  title           = {Chainlink Automation},
  year            = {2021},
  url             = {https://chain.link/automation}
}

@online{modulobias,
  author          = {Yolan Romailler},
  title           = {THE DEFINITIVE GUIDE TO “MODULO BIAS AND HOW TO AVOID IT”!},
  year            = {2020},
  url             = {https://research.kudelskisecurity.com/2020/07/28/the-definitive-guide-to-modulo-bias-and-how-to-avoid-it/},
}

@online{gas,
  author          = {Ethereum},
  title           = {Gas and fees},
  year            = {2020},
  url             = {https://ethereum.org/en/developers/docs/gas/},
}

@online{erc20,
  author          = {Ethereum},
  title           = {ERC-20 Token Standard},
  year            = {2020},
  url             = {https://ethereum.org/en/developers/docs/standards/tokens/erc-20/},
}

